@article{hix_2006_dimensions,
  author = {Hix, Simon and Noury, Abdul and Roland, Gerard},
  month = {04},
  pages = {494-520},
  title = {Dimensions of Politics in the European Parliament},
  doi = {10.1111/j.1540-5907.2006.00198.x},
  volume = {50},
  year = {2006},
  journal = {American Journal of Political Science}
}

@article{hix_2015_governmentopposition,
  author = {Hix, Simon and Noury, Abdul},
  month = {06},
  pages = {249-273},
  title = {Government-Opposition or Left-Right? The Institutional Determinants of Voting in Legislatures},
  doi = {10.1017/psrm.2015.9},
  urldate = {2021-06-14},
  volume = {4},
  year = {2015},
  journal = {Political Science Research and Methods}
}

@article{lo_2018_dynamic,
  author = {Lo, James},
  month = {05},
  pages = {229-246},
  title = {Dynamic ideal point estimation for the European Parliament, 1980–2009},
  doi = {10.1007/s11127-018-0551-3},
  urldate = {2021-04-25},
  volume = {176},
  year = {2018},
  journal = {Public Choice}
}

@article{poole_2001_dnominate,
  author = {Poole, Keith T. and Rosenthal, Howard},
  month = {02},
  pages = {5},
  title = {D-Nominate after 10 Years: A Comparative Update to Congress: A Political-Economic History of Roll-Call Voting},
  doi = {10.2307/440401},
  volume = {26},
  year = {2001},
  journal = {Legislative Studies Quarterly}
}

@article{poole_2008_nominate,
  author = {Poole, Keith T.},
  title = {Nominate: A Short Intellectual History},
  doi = {10.2139/ssrn.1154153},
  urldate = {2020-05-03},
  year = {2008},
  journal = {SSRN Electronic Journal}
}

@article{poole_1985_a,
  author = {Poole, Keith T. and Rosenthal, Howard},
  month = {05},
  pages = {357},
  title = {A Spatial Model for Legislative Roll Call Analysis},
  doi = {10.2307/2111172},
  urldate = {2020-12-15},
  volume = {29},
  year = {1985},
  journal = {American Journal of Political Science}
}

@article{hix_2009_after,
  author = {Hix, Simon and Noury, Abdul},
  pages = {159-174},
  publisher = {Washington University},
  title = {After Enlargement: Voting Patterns in the Sixth European Parliament},
  url = {https://www.jstor.org/stable/i20680231},
  urldate = {2024-11-05},
  volume = {34},
  year = {2009},
  journal = {Legislative Studies Quarterly}
}

@article{imai_2016_fast,
  author = {Imai, Kosuke and Lo, James and Olmsted, Johnatan},
  month = {11},
  pages = {631-656},
  title = {Fast Estimation of Ideal Points with Massive Data},
  doi = {10.1017/s000305541600037x},
  urldate = {2023-05-12},
  volume = {110},
  year = {2016},
  journal = {American Political Science Review}
}

@misc{hix_2018_the,
  author = {Hix, Simon and Noury, Abdul and Roland, Gérard},
  pages = {51-60},
  title = {The changing battle lines in the European Parliament},
  url = {https://bura.brunel.ac.uk/bitstream/2438/16502/1/Fulltext.pdf#page=62},
  urldate = {2024-11-05},
  year = {2018}
}

@misc{lo_2024_using,
  author = {Lo, James},
  title = {Using W-NOMINATE in R},
  url = {https://cran.r-project.org/web/packages/wnominate/vignettes/wnominate.pdf},
  urldate = {2024-11-05},
  year = {2024}
}

@article{lever_2017_principal,
  author = {Lever, Jake and Krzywinski, Martin and Altman, Naomi},
  month = {07},
  pages = {641–642},
  title = {Principal component analysis},
  doi = {10.1038/nmeth.4346},
  url = {https://www.nature.com/articles/nmeth.4346},
  volume = {14},
  year = {2017},
  journal = {Nature Methods}
}

@article{imai_2024_package,
  author = {Imai, Kosuke and Lo, James and Olsted, Jonathan},
  title = {Package 'emIRT' EM Algorithms for Estimating Item Response Theory Models Documentation},
  doi = {10.1017/S000305541600037X>},
  url = {https://cran.r-project.org/web/packages/emIRT/emIRT.pdf},
  urldate = {2024-11-11},
  year = {2024},
  journal = {}
}

@misc{hix_2022_votewatch,
  author = {Hix, Simon},
  title = {VoteWatch – Simon Hix},
  url = {https://simonhix.com/projects/},
  urldate = {2024-11-11},
  year = {2022},
  organization = {Simonhix.com}
}